@article{Kim:1999,
  author = {WON-WOOK KIM, SURESH MENON and HUKAM C. MONGIA},
  title = {Large-Eddy Simulation of a Gas Turbine Combustor Flow},
  journal = {Combustion Science and Technology},
  volume = {143},
  number = {1-6},
  pages = {25--62},
  year = {1999},
  publisher = {Taylor \& Francis},
  doi = {10.1080/00102209908924192},
  URL = {https://doi.org/10.1080/00102209908924192},
  eprint = {https://doi.org/10.1080/00102209908924192}
}


@article{You:2008,
  author = {You, Donghyun and Ham, Frank and Moin, Parviz},
  title = "{Discrete conservation principles in large-eddy simulation with application to separation control over an airfoil}",
  journal = {Physics of Fluids},
  volume = {20},
  number = {10},
  pages = {101515},
  year = {2008},
  month = {10},
  issn = {1070-6631},
  doi = {10.1063/1.3006077},
  url = {https://doi.org/10.1063/1.3006077},
  eprint = {https://pubs.aip.org/aip/pof/article-pdf/doi/10.1063/1.3006077/15684698/101515\_1\_online.pdf}
}

@article{VanMaele:2008,
title = {Application of RANS and LES field simulations to predict the critical ventilation velocity in longitudinally ventilated horizontal tunnels},
journal = {Fire Safety Journal},
volume = {43},
number = {8},
pages = {598-609},
year = {2008},
issn = {0379-7112},
doi = {https://doi.org/10.1016/j.firesaf.2008.02.002},
url = {https://www.sciencedirect.com/science/article/pii/S0379711208000179},
author = {Karim {Van Maele} and Bart Merci},
keywords = {Field modelling, Tunnel fire, RANS, LES}
}

@article{Chamecki:2019,
  author = {Chamecki, Marcelo and Chor, Tomas and Yang, Di and Meneveau, Charles},
  title = {Material Transport in the Ocean Mixed Layer: Recent Developments Enabled by Large Eddy Simulations},
  journal = {Reviews of Geophysics},
  volume = {57},
  number = {4},
  pages = {1338-1371},
  doi = {https://doi.org/10.1029/2019RG000655},
  url = {https://agupubs.onlinelibrary.wiley.com/doi/abs/10.1029/2019RG000655},
  eprint = {https://agupubs.onlinelibrary.wiley.com/doi/pdf/10.1029/2019RG000655},
  year = {2019}
}


@article{Yang:2015,
  title = {Large-eddy simulation: Past, present and the future},
  journal = {Chinese Journal of Aeronautics},
  volume = {28},
  number = {1},
  pages = {11-24},
  year = {2015},
  issn = {1000-9361},
  doi = {https://doi.org/10.1016/j.cja.2014.12.007},
  url = {https://www.sciencedirect.com/science/article/pii/S1000936114002064},
  author = {Yang, Zhiyin},
  keywords = {Gas turbine combustor, Inflow boundary condition generation methods, Large-eddy simulation (LES), Sub-grid scale (SGS) model, Turbulent flows}
}

@article{Poletto:2013,
  author = {Poletto, Ruggero and Craft, T. and Revell, Alistair},
  year = {2013},
  month = {10},
  pages = {1-21},
  title = {A New Divergence Free Synthetic Eddy Method for the Reproduction of Inlet Flow Conditions for LES},
  volume = {91},
  journal = {Flow, Turbulence and Combustion},
  doi = {10.1007/s10494-013-9488-2}
}
